@article{moore65,
  author = {Moore, G. E.},
  biburl = {https://www.alejandrobarros.com/wp-content/uploads/old/Articulo_original_G_Moore.pdf},
  journal = {Electronics magazine},
  title = {Cramming More Components onto Integrated Circuits},
  year = 1965
}
